[gd_scene load_steps=22 format=2]

[ext_resource path="res://character/zombie/Zombie.glb" type="PackedScene" id=1]
[ext_resource path="res://Character.gd" type="Script" id=2]
[ext_resource path="res://character/zombie/PlayerCamera.gd" type="Script" id=3]
[ext_resource path="res://character/zombie/HumanBody.gd" type="Script" id=4]
[ext_resource path="res://gui_theme.tres" type="Theme" id=5]
[ext_resource path="res://character/zombie/HUDAnimation.gd" type="Script" id=6]
[ext_resource path="res://character/zombie/ZombieBody.gd" type="Script" id=7]
[ext_resource path="res://character/zombie/ZombieArea.gd" type="Script" id=8]

[sub_resource type="AnimationNodeAnimation" id=1]
animation = "Stand-loop"

[sub_resource type="AnimationNodeAnimation" id=2]
animation = "RunForward-loop"

[sub_resource type="AnimationNodeAnimation" id=3]
animation = "RunRight-loop"

[sub_resource type="AnimationNodeAnimation" id=4]
animation = "RunBackward-loop"

[sub_resource type="AnimationNodeAnimation" id=5]
animation = "RunLeft-loop"

[sub_resource type="AnimationNodeBlendSpace2D" id=6]
blend_point_0/node = SubResource( 1 )
blend_point_0/pos = Vector2( 0, 0 )
blend_point_1/node = SubResource( 2 )
blend_point_1/pos = Vector2( 0, 1 )
blend_point_2/node = SubResource( 3 )
blend_point_2/pos = Vector2( 1, 0 )
blend_point_3/node = SubResource( 4 )
blend_point_3/pos = Vector2( 0, -1 )
blend_point_4/node = SubResource( 5 )
blend_point_4/pos = Vector2( -1, 0 )

[sub_resource type="AnimationNodeTimeScale" id=13]

[sub_resource type="AnimationNodeBlendTree" id=7]
graph_offset = Vector2( 0, 127.333 )
nodes/move/node = SubResource( 6 )
nodes/move/position = Vector2( 66.6667, 146.667 )
nodes/output/position = Vector2( 440, 160 )
nodes/speed/node = SubResource( 13 )
nodes/speed/position = Vector2( 280, 146.667 )
node_connections = [ "speed", 0, "move", "output", 0, "speed" ]

[sub_resource type="BoxShape" id=8]
extents = Vector3( 0.256903, 0.884395, 0.211133 )

[sub_resource type="Animation" id=9]
resource_name = "heart_collected"
length = 2.0
tracks/0/type = "value"
tracks/0/path = NodePath("HeartCollect:modulate")
tracks/0/interp = 1
tracks/0/loop_wrap = true
tracks/0/imported = false
tracks/0/enabled = true
tracks/0/keys = {
"times": PoolRealArray( 0, 0.1, 2 ),
"transitions": PoolRealArray( 1, 1, 1 ),
"update": 0,
"values": [ Color( 1, 1, 1, 0 ), Color( 1, 1, 1, 1 ), Color( 1, 1, 1, 0 ) ]
}

[sub_resource type="Animation" id=10]
resource_name = "lost"
length = 10.0
tracks/0/type = "value"
tracks/0/path = NodePath("../CameraPivot/Camera:translation")
tracks/0/interp = 1
tracks/0/loop_wrap = true
tracks/0/imported = false
tracks/0/enabled = true
tracks/0/keys = {
"times": PoolRealArray( 0, 3 ),
"transitions": PoolRealArray( 1, 1 ),
"update": 0,
"values": [ Vector3( 0, 2.26402, 0 ), Vector3( 0, 8.07312, 12.4863 ) ]
}
tracks/1/type = "value"
tracks/1/path = NodePath("../CameraPivot/Camera:rotation_degrees")
tracks/1/interp = 1
tracks/1/loop_wrap = true
tracks/1/imported = false
tracks/1/enabled = true
tracks/1/keys = {
"times": PoolRealArray( 0, 3 ),
"transitions": PoolRealArray( 1, 1 ),
"update": 0,
"values": [ Vector3( 0, 0, 0 ), Vector3( -29.876, 0, 0 ) ]
}
tracks/2/type = "value"
tracks/2/path = NodePath("../CameraPivot:translation")
tracks/2/interp = 1
tracks/2/loop_wrap = true
tracks/2/imported = false
tracks/2/enabled = true
tracks/2/keys = {
"times": PoolRealArray( 0 ),
"transitions": PoolRealArray( 1 ),
"update": 0,
"values": [ Vector3( 0, 0, 0 ) ]
}
tracks/3/type = "value"
tracks/3/path = NodePath("../CameraPivot:rotation_degrees")
tracks/3/interp = 1
tracks/3/loop_wrap = true
tracks/3/imported = false
tracks/3/enabled = true
tracks/3/keys = {
"times": PoolRealArray( 0, 3, 6, 9 ),
"transitions": PoolRealArray( 1, 1, 1, 1 ),
"update": 0,
"values": [ Vector3( 0, 0, 0 ), Vector3( 0, 120, 0 ), Vector3( 0, 240, 0 ), Vector3( 0, 359, 0 ) ]
}
tracks/4/type = "value"
tracks/4/path = NodePath("Lost/ColorRect:color")
tracks/4/interp = 1
tracks/4/loop_wrap = true
tracks/4/imported = false
tracks/4/enabled = true
tracks/4/keys = {
"times": PoolRealArray( 0, 4, 8 ),
"transitions": PoolRealArray( 1, 1, 1 ),
"update": 0,
"values": [ Color( 0.933333, 0.52549, 0.584314, 0 ), Color( 0.933333, 0.52549, 0.584314, 1 ), Color( 0, 0, 0, 1 ) ]
}
tracks/5/type = "value"
tracks/5/path = NodePath("Lost/Label:modulate")
tracks/5/interp = 1
tracks/5/loop_wrap = true
tracks/5/imported = false
tracks/5/enabled = true
tracks/5/keys = {
"times": PoolRealArray( 0, 1, 4, 8 ),
"transitions": PoolRealArray( 1, 1, 1, 1 ),
"update": 0,
"values": [ Color( 1, 1, 1, 0 ), Color( 1, 1, 1, 1 ), Color( 1, 1, 1, 1 ), Color( 1, 1, 1, 0 ) ]
}

[sub_resource type="Animation" id=11]
length = 10.0
tracks/0/type = "value"
tracks/0/path = NodePath("../CameraPivot/Camera:translation")
tracks/0/interp = 1
tracks/0/loop_wrap = true
tracks/0/imported = false
tracks/0/enabled = true
tracks/0/keys = {
"times": PoolRealArray( 0, 3 ),
"transitions": PoolRealArray( 1, 1 ),
"update": 0,
"values": [ Vector3( 0, 2.26402, 0 ), Vector3( 0, 8.07312, 12.4863 ) ]
}
tracks/1/type = "value"
tracks/1/path = NodePath("../CameraPivot/Camera:rotation_degrees")
tracks/1/interp = 1
tracks/1/loop_wrap = true
tracks/1/imported = false
tracks/1/enabled = true
tracks/1/keys = {
"times": PoolRealArray( 0, 3 ),
"transitions": PoolRealArray( 1, 1 ),
"update": 0,
"values": [ Vector3( 0, 0, 0 ), Vector3( -29.876, 0, 0 ) ]
}
tracks/2/type = "value"
tracks/2/path = NodePath("../CameraPivot:translation")
tracks/2/interp = 1
tracks/2/loop_wrap = true
tracks/2/imported = false
tracks/2/enabled = true
tracks/2/keys = {
"times": PoolRealArray( 0 ),
"transitions": PoolRealArray( 1 ),
"update": 0,
"values": [ Vector3( 0, 0, 0 ) ]
}
tracks/3/type = "value"
tracks/3/path = NodePath("../CameraPivot:rotation_degrees")
tracks/3/interp = 1
tracks/3/loop_wrap = true
tracks/3/imported = false
tracks/3/enabled = true
tracks/3/keys = {
"times": PoolRealArray( 0, 3, 6, 9 ),
"transitions": PoolRealArray( 1, 1, 1, 1 ),
"update": 0,
"values": [ Vector3( 0, 0, 0 ), Vector3( 0, 120, 0 ), Vector3( 0, 240, 0 ), Vector3( 0, 359, 0 ) ]
}
tracks/4/type = "value"
tracks/4/path = NodePath("Win/ColorRect:color")
tracks/4/interp = 1
tracks/4/loop_wrap = true
tracks/4/imported = false
tracks/4/enabled = true
tracks/4/keys = {
"times": PoolRealArray( 0, 4, 8 ),
"transitions": PoolRealArray( 1, 1, 1 ),
"update": 0,
"values": [ Color( 0.933333, 0.52549, 0.584314, 0 ), Color( 0.933333, 0.52549, 0.584314, 1 ), Color( 0, 0, 0, 1 ) ]
}
tracks/5/type = "value"
tracks/5/path = NodePath("Win/Label:modulate")
tracks/5/interp = 1
tracks/5/loop_wrap = true
tracks/5/imported = false
tracks/5/enabled = true
tracks/5/keys = {
"times": PoolRealArray( 0, 1, 4, 8 ),
"transitions": PoolRealArray( 1, 1, 1, 1 ),
"update": 0,
"values": [ Color( 1, 1, 1, 0 ), Color( 1, 1, 1, 1 ), Color( 1, 1, 1, 1 ), Color( 1, 1, 1, 0 ) ]
}

[sub_resource type="CylinderShape" id=12]
radius = 0.639093
height = 1.56393

[node name="Zombie" instance=ExtResource( 1 )]
collision_layer = 3
script = ExtResource( 2 )

[node name="CameraPivot" type="Spatial" parent="Armature/Skeleton/BoneAttachment/Camera" index="0"]

[node name="Camera" type="Camera" parent="Armature/Skeleton/BoneAttachment/Camera/CameraPivot" index="0"]
transform = Transform( 1, 0, 0, 0, -1.62921e-07, 1, 0, -1, -1.62921e-07, 0, 0, 0 )
near = 0.12
far = 20.0
script = ExtResource( 3 )

[node name="Human" parent="Armature/Skeleton" index="1"]
script = ExtResource( 4 )

[node name="Zombie" parent="Armature/Skeleton" index="2"]
visible = false
script = ExtResource( 7 )

[node name="AnimationTree" type="AnimationTree" parent="." index="2"]
tree_root = SubResource( 7 )
anim_player = NodePath("../AnimationPlayer")
active = true
process_mode = 0
root_motion_track = NodePath("Armature/Skeleton:root")
parameters/move/blend_position = Vector2( -0.00482595, 1.32659 )
parameters/speed/scale = 1.5

[node name="RootMotionView" type="RootMotionView" parent="AnimationTree" index="0"]
animation_path = NodePath("..")

[node name="CollisionShape" type="CollisionShape" parent="." index="3"]
transform = Transform( 1, 0, 0, 0, 1, 0, 0, 0, 1, 0, 0.891777, 0 )
shape = SubResource( 8 )

[node name="HUD" type="Control" parent="." index="4"]
anchor_right = 1.0
anchor_bottom = 1.0
mouse_filter = 2
theme = ExtResource( 5 )
__meta__ = {
"_edit_use_anchors_": false
}

[node name="AnimationPlayer" type="AnimationPlayer" parent="HUD" index="0"]
anims/heart_collected = SubResource( 9 )
anims/lost = SubResource( 10 )
anims/win = SubResource( 11 )
script = ExtResource( 6 )

[node name="HeartCollect" type="Control" parent="HUD" index="1"]
modulate = Color( 1, 1, 1, 0 )
anchor_right = 1.0
anchor_bottom = 1.0
mouse_filter = 2
__meta__ = {
"_edit_use_anchors_": false
}

[node name="Label" type="Label" parent="HUD/HeartCollect" index="0"]
anchor_right = 1.0
anchor_bottom = 1.0
text = "Your Heartbeat Grows Stronger ..."
align = 1
valign = 1
__meta__ = {
"_edit_use_anchors_": false
}

[node name="ColorRect" type="ColorRect" parent="HUD/HeartCollect" index="1"]
modulate = Color( 1, 1, 1, 0.533333 )
anchor_right = 1.0
anchor_bottom = 1.0
mouse_filter = 2
color = Color( 0.933333, 0.52549, 0.584314, 0.552941 )
__meta__ = {
"_edit_use_anchors_": false
}

[node name="Win" type="Control" parent="HUD" index="2"]
anchor_right = 1.0
anchor_bottom = 1.0
mouse_filter = 2
__meta__ = {
"_edit_use_anchors_": false
}

[node name="Label" type="Label" parent="HUD/Win" index="0"]
modulate = Color( 1, 1, 1, 0 )
anchor_right = 1.0
anchor_bottom = 1.0
text = "Your Heart is Full"
align = 1
valign = 1
__meta__ = {
"_edit_use_anchors_": false
}

[node name="ColorRect" type="ColorRect" parent="HUD/Win" index="1"]
modulate = Color( 1, 1, 1, 0.533333 )
anchor_right = 1.0
anchor_bottom = 1.0
mouse_filter = 2
color = Color( 0.933333, 0.52549, 0.584314, 0 )
__meta__ = {
"_edit_use_anchors_": false
}

[node name="Lost" type="Control" parent="HUD" index="3"]
anchor_right = 1.0
anchor_bottom = 1.0
mouse_filter = 2
__meta__ = {
"_edit_use_anchors_": false
}

[node name="Label" type="Label" parent="HUD/Lost" index="0"]
modulate = Color( 1, 1, 1, 0 )
anchor_right = 1.0
anchor_bottom = 1.0
text = "Another player won. Maybe next time?"
align = 1
valign = 1
__meta__ = {
"_edit_use_anchors_": false
}

[node name="ColorRect" type="ColorRect" parent="HUD/Lost" index="1"]
modulate = Color( 1, 1, 1, 0.533333 )
anchor_right = 1.0
anchor_bottom = 1.0
mouse_filter = 2
color = Color( 0.933333, 0.52549, 0.584314, 0 )
__meta__ = {
"_edit_use_anchors_": false
}

[node name="Area" type="Area" parent="." index="5"]
monitoring = false
monitorable = false
collision_layer = 0
collision_mask = 2
script = ExtResource( 8 )

[node name="CollisionShape" type="CollisionShape" parent="Area" index="0"]
transform = Transform( 1, 0, 0, 0, 1, 0, 0, 0, 1, 0, 0.793714, 0 )
shape = SubResource( 12 )
